@article{Berners-Lee:2001a,
	Author = {Tim Berners-Lee and James Hendler and Ora Lassila},
	Journal = {{S}cientific {A}merican},
	Language = {english},
	Number = {5},
	Pages = {34--43},
	Title = {{The Semantic Web}},
	Volume = {284},
	Year = {2001}}

